<?xml version="1.0" encoding="UTF-8"?><collection xmlns="http://www.loc.gov/MARC21/slim"><record><leader>00419nam--2200133-i-4500</leader><controlfield tag="001">000038151</controlfield><controlfield tag="002">20161230</controlfield><controlfield tag="005">20161230201041</controlfield><controlfield tag="008">060222s1000------------r-----000-0-eng-d</controlfield><datafield ind1=" " ind2=" " tag="100"><subfield code="a">Reif, F</subfield></datafield><datafield ind1=" " ind2=" " tag="245"><subfield code="a">Fundamental of statistical and thermal physics</subfield></datafield><datafield ind1=" " ind2=" " tag="260"><subfield code="a">New York, Mcgraw-hill Book Co., 1965, X + 651p</subfield></datafield><datafield ind1=" " ind2=" " tag="490"><subfield code="a">Mcgraw-hill Series In Fundamentals Of Physics: And Undergraduate Textbool Program</subfield></datafield><datafield ind1=" " ind2=" " tag="852"><subfield code="a">21830</subfield></datafield></record></collection>